
@article{medan2017reduced,
  title={Reduced-dose imageless needle and patient tracking in interventional {CT} procedures},
  author={Medan, G and Joskowicz, L},
  journal={IEEE transactions on medical imaging},
  volume={36},
  number={12},
  pages={2449--2456},
  year={2017},
  publisher={IEEE}
}

@article{medan2017sparse,
  title={Sparse {3D} {R}adon space rigid registration of {CT} scans: Method and validation study},
  author={Medan, Guy and Shamul, N and Joskowicz, Leo},
  journal={IEEE transactions on medical imaging},
  volume={36},
  number={2},
  pages={497--506},
  year={2017},
  publisher={IEEE}
}

@inproceedings{huo2015shape,
  title={Shape reconstruction and attitude estimation of bevel-tip needle via {CT}-guidance},
  author={Huo, Benyan and Zhao, Xingang and Han, Jianda and Xu, Weiliang},
  booktitle={Robotics and Biomimetics (ROBIO), 2015 IEEE International Conference on},
  pages={620--625},
  year={2015},
  organization={IEEE}
}

@inproceedings{wu2013automatic,
  title={Automatic Steering of Manually Inserted Needles},
  author={Wu, Guofan and Li, Xiao and Lehocky, Craig A and Riviere, Cameron N},
  booktitle={Systems, Man, and Cybernetics (SMC), 2013 IEEE International Conference on},
  pages={1488--1493},
  year={2013},
  organization={IEEE}
}

@article{engh2010percutaneous,
  title={Percutaneous intracerebral navigation by duty-cycled spinning of flexible bevel-tipped needles},
  author={Engh, Johnathan A and Minhas, Davneet S and Kondziolka, Douglas and Riviere, Cameron N},
  journal={Neurosurgery},
  volume={67},
  number={4},
  pages={1117--1123},
  year={2010},
  publisher={Oxford University Press}
}

@article
{yaniv2010needle,
  title={Needle-based interventions with the image-guided surgery toolkit ({IGSTK}): From phantoms to clinical trials},
  author={Yaniv, Ziv and Cheng, Patrick and Wilson, Emmanuel and Popa, Teo and Lindisch, David and Campos-Nanez, Enrique and Abeledo, Hernan and Watson, Vance and Cleary, Kevin and Banovac, Filip},
  journal={IEEE Transactions on Biomedical Engineering},
  volume={57},
  number={4},
  pages={922--933},
  year={2010},
  publisher={IEEE}
}

@article{ben2018robotic,
  title={Evaluation of a {CT}-Guided Robotic System for Precise Percutaneous Needle Insertion},
  author={Ben-David, Eliel and Shochat, Moran and Roth, Ido and Nissenbaum, Isaac and Sosna, Jacob and Goldberg, S Nahum},
  journal={Journal of Vascular and Interventional Radiology},
  year={2018},
  publisher={Elsevier}
}

@article{glozman2007image,
  title={Image-guided robotic flexible needle steering},
  author={Glozman, Daniel and Shoham, Moshe},
  journal={IEEE Transactions on Robotics},
  volume={23},
  number={3},
  pages={459--467},
  year={2007},
  publisher={IEEE}
}

@article{sheafor2000comparison,
  title={Comparison of sonographic and {CT} guidance techniques: does {CT} fluoroscopy decrease procedure time?},
  author={Sheafor, Douglas H and Paulson, Erik K and Kliewer, Mark A and DeLong, David M and Nelson, Rendon C},
  journal={American journal of roentgenology},
  volume={174},
  number={4},
  pages={939--942},
  year={2000},
  publisher={Am Roentgen Ray Soc}
}

@inproceedings{vrooijink2013real,
  title={Real-time three-dimensional flexible needle tracking using two-dimensional ultrasound},
  author={Vrooijink, Gustaaf J and Abayazid, Momen and Misra, Sarthak},
  booktitle={Robotics and Automation (ICRA), 2013 IEEE International Conference on},
  pages={1688--1693},
  year={2013},
  organization={IEEE}
}

@article{marinetto2017integration,
  title={Integration of free-hand {3D} ultrasound and mobile {C}-arm cone-beam {CT}: Feasibility and characterization for real-time guidance of needle insertion},
  author={Marinetto, E and Uneri, A and De Silva, T and Reaungamornrat, S and Zbijewski, W and Sisniega, A and Vogt, S and Kleinszig, G and Pascau, J and Siewerdsen, JH},
  journal={Computerized Medical Imaging and Graphics},
  volume={58},
  pages={13--22},
  year={2017},
  publisher={Elsevier}
}

@article{orth2008cbct,
  title={C-arm cone-beam {CT}: general principles and technical considerations for use in interventional radiology},
  author={Orth, Robert C and Wallace, Michael J and Kuo, Michael D and Technology Assessment Committee of the Society of Interventional Radiology and others},
  journal={Journal of Vascular and Interventional Radiology},
  volume={19},
  number={6},
  pages={814--820},
  year={2008},
  publisher={Elsevier}
}

@article{floridi2014cbct,
  title={C-arm cone-beam computed tomography in interventional oncology: technical aspects and clinical applications},
  author={Floridi, Chiara and Radaelli, Alessandro and Abi-Jaoudeh, Nadine and Grass, Micheal and De Lin, Ming and Chiaradia, Melanie and Geschwind, Jean-Francois and Kobeiter, Hishman and Squillaci, Ettore and Maleux, Geert and others},
  journal={La radiologia medica},
  volume={119},
  number={7},
  pages={521--532},
  year={2014},
  publisher={Springer}
}

@incollection{gupta2014ct,
  title={{CT}-guided interventions: current practice and future directions},
  author={Gupta, Rajiv and Walsh, Conor and Wang, Irene S and Kachelrie{\ss}, Marc and Kuntz, Jan and Bartling, S{\"o}nke},
  booktitle={Intraoperative Imaging and Image-Guided Therapy},
  pages={173--191},
  year={2014},
  publisher={Springer}
}

@article{mettler2000ct,
  title={CT scanning: patterns of use and dose},
  author={Mettler Jr, Fred A and Wiest, Philip W and Locken, Julie A and Kelsey, Charles A},
  journal={Journal of radiological Protection},
  volume={20},
  number={4},
  pages={353},
  year={2000},
  publisher={IOP Publishing}
}

@article{chodick2007excess,
  title={Excess lifetime cancer mortality risk attributable to radiation exposure from computed tomography examinations in children},
  author={Chodick, Gabriel and Ronckers, Cecile M and Shalev, Varda and Ron, Elaine and others},
  journal={IMAJ-RAMAT GAN-},
  volume={9},
  number={8},
  pages={584},
  year={2007}
}

@article{chen2017low,
  title={Low-dose CT with a residual encoder-decoder convolutional neural network},
  author={Chen, Hu and Zhang, Yi and Kalra, Mannudeep K and Lin, Feng and Chen, Yang and Liao, Peixi and Zhou, Jiliu and Wang, Ge},
  journal={IEEE transactions on medical imaging},
  volume={36},
  number={12},
  pages={2524--2535},
  year={2017},
  publisher={IEEE}
}

@article{zhang2016statistical,
  title={Statistical iterative reconstruction using adaptive fractional order regularization},
  author={Zhang, Yi and Wang, Yan and Zhang, Weihua and Lin, Feng and Pu, Yifei and Zhou, Jiliu},
  journal={Biomedical optics express},
  volume={7},
  number={3},
  pages={1015--1029},
  year={2016},
  publisher={Optical Society of America}
}

@article{boas2012ctartifacts,
  title={{CT} artifacts: causes and reduction techniques},
  author={Boas, F Edward and Fleischmann, Dominik},
  journal={Imaging Med},
  volume={4},
  number={2},
  pages={229--240},
  year={2012}
}

@article{kim2015sparseview,
  title={Sparse-view spectral {CT} reconstruction using spectral patch-based low-rank penalty},
  author={Kim, Kyungsang and Ye, Jong Chul and Worstell, William and Ouyang, Jinsong and Rakvongthai, Yothin and El Fakhri, Georges and Li, Quanzheng},
  journal={IEEE transactions on medical imaging},
  volume={34},
  number={3},
  pages={748--760},
  year={2015},
  publisher={IEEE}
}

@article{niu2014sparse,
  title={Sparse-view x-ray {CT} reconstruction via total generalized variation regularization},
  author={Niu, Shanzhou and Gao, Yang and Bian, Zhaoying and Huang, Jing and Chen, Wufan and Yu, Gaohang and Liang, Zhengrong and Ma, Jianhua},
  journal={Physics in Medicine \& Biology},
  volume={59},
  number={12},
  pages={2997},
  year={2014},
  publisher={IOP Publishing}
}

@article{liu2014total,
  title={Total Variation-Stokes Strategy for Sparse-View X-ray {CT} Image Reconstruction},
  author={Liu, Yan and Liang, Zhengrong and Ma, Jianhua and Lu, Hongbing and Wang, Ke and Zhang, Hao and Moore, William},
  journal={IEEE Transactions on Medical Imaging},
  volume={33},
  number={3},
  pages={749--763},
  year={2014},
  publisher={IEEE}
}

@article{manduca2009projection,
  title={Projection space denoising with bilateral filtering and {CT} noise modeling for dose reduction in {CT}},
  author={Manduca, Armando and Yu, Lifeng and Trzasko, Joshua D and Khaylova, Natalia and Kofler, James M and McCollough, Cynthia M and Fletcher, Joel G},
  journal={Medical physics},
  volume={36},
  number={11},
  pages={4911--4919},
  year={2009},
  publisher={Wiley Online Library}
}

@article{miller2010occupational,
  title={Occupational radiation protection in interventional radiology: a joint guideline of the {Cardiovascular and Interventional Radiology Society of Europe and the Society of Interventional Radiology}},
  author={Miller, Donald L and Va{\~n}{\'o}, Eliseo and Bartal, Gabriel and Balter, Stephen and Dixon, Robert and Padovani, Renato and Schueler, Beth and Cardella, John F and De Ba{\`e}re, Thierry},
  journal={Cardiovascular and interventional radiology},
  volume={33},
  number={2},
  pages={230--239},
  year={2010},
  publisher={Springer}
}

@article{sarti2012low,
  title={Low-dose techniques in {CT}-guided interventions},
  author={Sarti, Marc and Brehmer, William P and Gay, Spencer B},
  journal={Radiographics},
  volume={32},
  number={4},
  pages={1109--1119},
  year={2012},
  publisher={Radiological Society of North America}
}

@article{khan2007approximation,
  title={A new method for video data compression by quadratic {B\'ezier} curve fitting},
  author={Khan, M},
  journal={Signal, Image and Video Processing},
  volume={6},
  number={1},
  pages={19–-24},
  year={2012}
}

@article{stoeckelhuber2005radiation,
  title={Radiation dose to the radiologist’s hand during continuous CT fluoroscopy-guided interventions},
  author={Stoeckelhuber, Beate M and Leibecke, Thorsten and Schulz, Edda and Melchert, Uwe H and Bergmann-Koester, Claudia U and Helmberger, Thomas and Gellissen, Joerg},
  journal={Cardiovascular and interventional radiology},
  volume={28},
  number={5},
  pages={589--594},
  year={2005},
  publisher={Springer}
}

@misc{dynact,
  author = {{Siemens Healthcare}},
  title = {{syngo DynaCT}},
  howpublished = "\url{https://www.healthcare.siemens.com/angio/options-and-upgrades/clinical-software-applications/syngo-dynact/technical-details}",
  year = {2018}, 
  note = "[Online; accessed 24-Oct-2018]"
}

@article{ccimen2016reconstruction,
  title={Reconstruction of coronary arteries from X-ray angiography: A review},
  author={{\c{C}}imen, Serkan and Gooya, Ali and Grass, Michael and Frangi, Alejandro F},
  journal={Medical image analysis},
  volume={32},
  pages={46--68},
  year={2016},
  publisher={Elsevier}
}

@article{cong2015quantitative,
  title={Quantitative analysis of deformable model-based 3-{D} reconstruction of coronary artery from multiple angiograms},
  author={Cong, Weijian and Yang, Jian and Ai, Danni and Chen, Yang and Liu, Yue and Wang, Yongtian},
  journal={IEEE Transactions on Biomedical Engineering},
  volume={62},
  number={8},
  pages={2079--2090},
  year={2015},
  publisher={IEEE}
}